@article{OWL&SKOS,
	title={SKOS simple knowledge organization system reference},
	author={Miles, Alistair and Bechhofer, Sean},
	journal={W3C recommendation},
	year={2009},
	publisher={World Wide Web Consortium}
}


@inproceedings{re_engineeringThesaurus,
	title={A method for re-engineering a thesaurus into an ontology.},
	author={Kless, Daniel and Jansen, Ludger and Lindenthal, Jutta and Wiebensohn, Jens},
	booktitle={FOIS},
	pages={133--146},
	year={2012}
}

@online{protege_doc,
	title = "Protégé 5 Documentation",
	url  = "https://protegeproject.github.io/protege/getting-started/"
}

@online{java_xml,
	title = "Module java.xml",
	url  = "https://docs.oracle.com/en/java/javase/17/docs/api/java.xml/module-summary.html/"
}

@online{JAXP,
	title = "Java API for XML Processing",
	url  = "https://docs.oracle.com/javase/8/docs/technotes/guides/xml/jaxp/index.html"
}


@article{cduceLanguage,
	title={CDuce: an XML-centric general-purpose language},
	author={Benzaken, V{\'e}ronique and Castagna, Giuseppe and Frisch, Alain},
	journal={ACM SIGPLAN Notices},
	volume={38},
	number={9},
	pages={51--63},
	year={2003},
	publisher={ACM New York, NY, USA}
}

@article{hitzler2021review,
	title={A review of the semantic web field},
	author={Hitzler, Pascal},
	journal={Communications of the ACM},
	volume={64},
	number={2},
	pages={76--83},
	year={2021},
	publisher={ACM New York, NY, USA}
}

@article{gruber1993translation,
	title={A translation approach to portable ontology specifications},
	author={Gruber, Thomas R},
	journal={Knowledge acquisition},
	volume={5},
	number={2},
	pages={199--220},
	year={1993},
	publisher={Elsevier}
}

@article{berners2001new,
	title={A new form of Web content that is meaningful to computers will unleash a revolution of new possibilities},
	author={Berners-Lee, Tim and Hendler, James and Lassila, Ora},
	journal={Scientific american},
	volume={284},
	number={5},
	pages={34--43},
	year={2001}
}

@article{suarez2015neon,
	title={The NeOn Methodology framework: A scenario-based methodology for ontology development},
	author={Su{\'a}rez-Figueroa, Mari Carmen and G{\'o}mez-P{\'e}rez, Asunci{\'o}n and Fernandez-Lopez, Mariano},
	journal={Applied ontology},
	volume={10},
	number={2},
	pages={107--145},
	year={2015},
	publisher={IOS Press}
}




